http://nschloe.blogspot.ca/2009/06/bibtex-how-to-cite-website_21.html

http://ctan.cms.math.ca/tex-archive/macros/latex/contrib/biblatex/doc/biblatex.pdf

http://blog.mikael.johanssons.org/archive/2012/03/biblatex-%E2%80%94-why-havent-i-used-this-earlier/


online {
	author = {},
	organization = {},
	title = {},
	subtitle = {},
	year = {},
	month = {},
	day = {},
	url = {},
	urldate = {},
	language = {}
}

article {
	author = {},
	title = {},
	journal = {},
	volume = {},
	number = {},
	pages = {},
	year = {},
	month = {},
	day = {},
	url = {},
	urldate = {}
}

@article{Jeffery198549,
	author = {D.R. Jeffery and M.J. Lawrence},
	title = {Managing programming productivity},
	journal = {Journal of Systems and Software},
	volume = {5},
	number = {1},
	pages = {49--58},
	year = {1985},
	note = {},
	issn = {0164-1212},
	url = {http://www.sciencedirect.com/science/article/pii/0164121285900068}
}

@online{steria:solfrid,
	organization = {Steria},
	title = {Ledelse},
	year = {2012},
	url = {http://www.steria.com/no/presse/ledelsen/},
	urldate = {2013-02-28},
	language = {}
}

@online{steria:stats,
	organization = {Steria},
	title = {Steria at a glance},
	year = {2012},
	url = {http://www.steria.com/discover-steria/steria-at-a-glance/},
	urldate = {2013-02-28}
}

@online{graham:succinctness,
	author = {Paul Graham},
	organization = {},
	title = {Succinctness is power},
	year = {2002},
	month = {may},
	day = {},
	url = {http://www.paulgraham.com/power.html},
	urldate = {2013-02-28}
}

@book{sommerville,
	author = {Ian Sommerville},
	editor = {},
	title = {Software Engineering},
	publisher = {Addision--Wesley},
	location = {Boston, Massachusetts},
	volume = {},
	number = {},
	series = {},
	edition = {9},
	year = {2011},
	month = {},
	note = {},
	isbn = {978-0-13-703515-1},
	url = {},
	urldate = {}
}

@online {spolsky:list,
	author = {Joel Spolsky},
	title = {The Joel Test: 12 Steps to Better Code},
	organization = {Joel on Software},
	volume = {},
	number = {},
	pages = {},
	year = {2000},
	month = {aug},
	day = {9},
	url = {http://www.joelonsoftware.com/articles/fog0000000043.html},
	urldate = {2013-03-01}
}

@article {rands:bored,
	author = {Michael Lopp},
	title = {Bored People Quit},
	journal = {Rands in Repose},
	volume = {},
	number = {},
	pages = {},
	year = {2011},
	month = {jul},
	day = {12},
	url = {http://www.randsinrepose.com/archives/2011/07/12/bored_people_quit.html},
	urldate = {2013-03-01}
}

@online {fowler:cannotmeasure,
	author = {Martin Fowler},
	organization = {},
	title = {Cannot Measure Productivity},
	subtitle = {},
	year = {2003},
	month = {aug},
	day = {29},
	url = {http://martinfowler.com/bliki/CannotMeasureProductivity.html
},
	urldate = {2013-02-28},
	language = {}
}

@article {about:clarke,
	author = {Andrew Zimmerman Jones},
	title = {What Are Clarke's Laws?},
	journal = {About.com},
	volume = {Physics},
	number = {},
	pages = {},
	year = {},
	month = {},
	day = {},
	url = {http://physics.about.com/od/physics101thebasics/f/ClarkesLaws.htm},
	urldate = {2013-03-01}
}

@article {albrechtgaffey:linesofcode, 
	author = {Allan J. Albrecht and John E. Gaffney}, 
	journal = {Software Engineering, IEEE Transactions on}, 
	title = {Software Function, Source Lines of Code, and Development Effort Prediction: A Software Science Validation}, 
	year = {1983}, 
	month = {nov},
	volume = {SE-9}, 
	number = {6}, 
	pages = {639-648}, 
	url = {http://ieeexplore.ieee.org/xpls/abs_all.jsp?arnumber=1703110},
	urldate = {2013-03-07}
}

@article {symons:functionpoints,
	author = {Charles R. Symons},
	title = {Function Points Analysis: Difficulties and Improvements},
	journal = {Software Engineering, IEEE Transactions on},
	volume = {14},
	number = {1},
	pages = {2-11},
	year = {1988},
	month = {jan},
	day = {},
	url = {http://www.ceng.metu.edu.tr/~e120353/HoughTransform/FP_analysis.pdf},
	urldate = {2013-04-09}
}

@article {fenton:scientificbasis,
	author = {Norman Fenton},
	title = {Software Measurement: A Necessary Scientific Basis},
	journal = {Software Engineering, IEEE Transactions on},
	volume = {20},
	number = {3},
	pages = {199-206},
	year = {1994},
	month = {mar},
	day = {},
	url = {http://ieeexplore.ieee.org/stamp/stamp.jsp?tp=&arnumber=268921},
	urldate = {2013-04-09}
}

@online {iso:functionpoints,
	author = {ISO},
	organization = {International Standards Organization},
	title = {Software and systems engineering -- Software measurement -- IFPUG functional size measurement method 2009},
	subtitle = {},
	year = {2009},
	month = {},
	day = {},
	url = {http://www.iso.org/iso/home/store/catalogue_ics/catalogue_detail_ics.htm?csnumber=51717},
	urldate = {2013-04-09},
	language = {}
}

@article {mccabe:cyclomatic,
	author = {Thomas J. McCabe},
	title = {A Complexity Measure},
	journal = {Software Engineering, IEEE Transactions on},
	volume = {SE-2},
	number = {4},
	pages = {308-320},
	year = {1976},
	month = {dec},
	day = {},
	url = {http://www.literateprogramming.com/mccabe.pdf},
	urldate = {2013-04-09}
}

@article {nist:cyclomatic,
	author = {Arthur H. Watson and Thomas J. McCabe},
	title = {Structured Testing: A Testing Methodology Using the Cyclomatic Complexity Metric},
	journal = {National Institute of Standards and Technology},
	volume = {Special Publication 500-235},
	number = {},
	pages = {},
	year = {1996},
	month = {aug},
	day = {},
	url = {http://hissa.ncsl.nist.gov/HHRFdata/Artifacts/ITLdoc/235/mccabe.html},
	urldate = {2013-04-09}
}

@online {angel:howto,
	author = {Wayne Angel},
	organization = {Examiner},
	title = {Article 9: How to measure programmer productivity},
	subtitle = {},
	year = {2010},
	month = {nov},
	day = {1},
	url = {http://www.examiner.com/article/article-9-how-to-measure-programmer-productivity},
	urldate = {2013-04-09},
	language = {}
}

@online {kannan:problem,
	author = {Nari Kannan},
	organization = {Toolbox},
	title = {Measuring programmer productivity -- The unsolved problem or is it really one?},
	subtitle = {},
	year = {2008},
	month = {dec},
	day = {28},
	url = {http://it.toolbox.com/blogs/narikannan/measuring-programmer-productivity-the-unsolved-problem-or-is-it-really-one-29015},
	urldate = {2013-04-09},
	language = {}
}


@online {spolsky:high,
	author = {Joel Spolsky},
	organization = {Joel on Software},
	title = {Hitting the High Notes},
	subtitle = {},
	year = {2005},
	month = {jul},
	day = {25},
	url = {http://www.joelonsoftware.com/articles/HighNotes.html},
	urldate = {2013-04-09},
	language = {}
}

@online {veksler:truths,
	author = {David Veksler},
	organization = {Auto-Magical},
	title = {Some lesser-known truths about programming},
	subtitle = {},
	year = {2010},
	month = {aug},
	day = {17},
	url = {http://automagical.rationalmind.net/2010/08/17/some-lesser-known-truths-about-programming/},
	urldate = {2012-04-09},
	language = {}
}

@online {spolsky:performance,
	author = {Joel Spolsky},
	organization = {Joel on Software},
	title = {2002/07/15},
	subtitle = {},
	year = {2002},
	month = {jul},
	day = {15},
	url = {http://www.joelonsoftware.com/news/20020715.html},
	urldate = {2013-04-09},
	language = {}
}


@online {martin:tenfinity,
	author = {Timm Martin},
	organization = {Dev Topics},
	title = {Programmer Productivity: The ``Tenfinity Factor''},
	subtitle = {},
	year = {2008},
	month = {may},
	day = {7},
	url = {http://www.devtopics.com/programmer-productivity-the-tenfinity-factor/},
	urldate = {2013-04-10},
	language = {}
}

@book {textbook,
	title = {Managing Human Resources},
	publisher = {Nelson Education},
	year = {2008},
	editor = {Evelyn Veitch},
	author = {Monica Belcourt and George Bohlander and Scott Snell},
	edition = {5th Canadian Edition}
}

@incollection {mihaly:flow,
	title = {Handbook of Positive Psycholohy},
	author = {Mihaly Csikszentmihalyi and Jeanne Nakamura},
	pages = {89-105},
	editor = {C. R. Snyder and Shane J. Lopez},
	booktitle = {Handbook of Positive Psycholohy},
	publisher = {Oxford University Press},
	address = {Oxford},
	year = {2002}
}

article {mihaly:flow,
	author = {Mihaly Csikszentmihalyi and Jeanne Nakamura},
	title = {The Concept of Flow},
	pages = {89-105},
	crossref = {pospsych}
}

book {pospsych,
	title = {Handbook of Positive Psycholohy},
	publisher = {Oxford University Press},
	year = {2002},
	editor = {C. R. Snyder and Shane J. Lopez}
}

http://myweb.stedwards.edu/michaelo/2349/paper1/ConceptOfFlow.pdf

	doi = {10.1109/TSE.1983.235271}, 
	ISSN = {0098-5589},

quotes and references
paul graham
joel spolsky
http://www.joelonsoftware.com/articles/fog0000000339.html
dijkstra har sikkert noe smart Ã¥ si
coding horror
rands in repose

http://books.google.ca/books?id=2Cr5rP8jOnsC&pg=PA89&dq=flow+(psychology)&hl=no#v=onepage&q=flow%20(psychology)&f=false

productivity trends 
	http://www.economist.com/node/2051755
	http://arno.unimaas.nl/show.cgi?fid=3532

http://www.randsinrepose.com/archives/2009/12/13/gaming_the_system.html

summary at http://www.corecommunication.ca/4-studies-which-show-that-using-a-second-monitor-can-boost-productivity/
http://research.microsoft.com/en-us/news/features/vibe.aspx
http://www.nytimes.com/2006/04/20/technology/20basics.html?_r=2&
http://www.scribd.com/doc/34875662/NEC-Productivity-Study-0208
http://www.dell.com/downloads/global/products/monitors/en/dual_monitors_boost_productivity_whitepaper.pdf
ssd


"Programs must be written for people to read, and only incidentally for machines to execute." - Abelson & Sussman

Increasingly, people seem to misinterpret complexity as sophistication, which is baffling -- the incomprehensible should cause suspicion rather than admiration. - Niklaus Wirth

http://www.jbox.dk/quotations.htm

http://hostilefork.com/2012/12/01/software-engineering-quotes/

http://dl.acm.org/citation.cfm?id=359523
